@article{lacoperon,
    author = "Velazco S and Kambo D and Yu K and et al.",
    title = "Modeling Gene Expression: Lac operon.",
    doi = "http://dx.doi.org/10.1109/EMBC46164.2021.9630940",
    language = "English",
    eventtitle = "Annu Int Conf IEEE Eng Med Biol Soc. 2021",
    date = 2021,
    month = 11,
    pages = "1086--1091"
}